@STRING{J-ACSOCAM = {J. Acoust. Soc. Am.}}
@STRING{J-AOT = {J. Atmos. Oceanic Tech.}}
@STRING{J-PO = {J. Phys. Oceanogr.}}
@STRING{IEEE_J_OE = "{IEEE} J. Oceanic Eng."}
@STRING{C-ICRA = {Proc. {IEEE} Intl. Conf. Robot. Auto. ({ICRA})}}
@STRING{C-IROS = {Proc. {IEEE}/{RSJ} Intl. Conf. Intell. Robots Systems ({IROS})}}
@STRING{C-OCEANS = {Proc. {IEEE}/{MTS} {OCEANS} Conf. Exhib.}}



% deep glider
%osse2007deepglider
@INPROCEEDINGS{osse-2007-deepglider,
  author = {Osse, T James and Eriksen, Charles C},
  title = {The {Deepglider}: A full ocean depth glider for oceanographic research},
  booktitle = C-OCEANS,
  year = {2007},
  pages = {1--12},
address = {Vancouver, BC},
month = {Sept}
}

% curry davis strait 2013 (Seagliders)
@article{curry-2014-davis,
  title = {Multi-year volume, liquid freshwater, and sea ice transports through {Davis Strait}, 2004-10},
  author = {B. Curry and C. M. Lee and B. Petrie and R. E. Moritz and R. Kwok},
  journal = J-PO,
  year = {2014},
  pages = {1244--1266},
  volume = {44},
  doi = {http://dx.doi.org/10.1175/JPO-D-13-0177.1}
}

% todd SoCA current 2011 (Spray)
@article {todd-2011-JGRC,
author = {Todd, Robert E. and Rudnick, Daniel L. and Mazloff, Matthew R. and Davis, Russ E. and Cornuelle, Bruce D.},
title = {Poleward flows in the southern {California Current} System: Glider observations and numerical simulation},
journal = {Journal of Geophysical Research: Oceans},
volume = {116},
number = {C02026},
pages = {2156--2202},
year = {2011},
doi = {10.1029/2010JC006536}
}


% todd abs vel 2017 (Spray)
@article {todd-2017-JAOT,
author = {Todd, Robert E. and Rudnick, Daniel L. and Sherman, J.T. and Owens, W.B. and George, L.},
title = {Absolute velocity estimates from autonomous underwater gliders equipped with Doppler current profilers},
journal = J-AOT,
volume = {34},
number = {2},
pages = {309--333},
year = {2017},
doi = {10.1175/JTECH-D-16-0156.1}
}

% van uffelen 2013
@article{vanuffelen:2013,
  title = {Estimating uncertainty in subsurface glider position using transmissions from fixed acoustic tomography sources},
  author = {L. J. Van~Uffelen and E.-M. Nosal and B. M. Howe and G. S. Carter and P. F. Worcester and M. A. Dzieciuch and K. D. Heaney and R. L. Campbell and P. S. Cross},
  journal = J-ACSOCAM,
  year = {2013},
  number = {4},
  pages = {3260--3271},
  volume = {134}
}

% webster davis nav oceans 2014
%webster2014oceans

@INPROCEEDINGS{webster-2014-oceans,
  author = {Webster, Sarah E and Lee, Craig M and Gobat, Jason I},
  title = {Preliminary results in under-ice acoustic navigation for {Seagliders
	in Davis Strait}},
  booktitle = C-OCEANS,
  address = {St. John's},
  year = {2014},
  month={Sept},
  pages = {1--5}
}

% webster miz nav icra 2015
@inproceedings{swebster:2015,
  title = {Towards Real-Time Under-Ice Acoustic Navigation at Mesoscale Ranges},
  author = {Sarah E. Webster and Lee E. Freitag and Craig M. Lee and Jason I. Gobat},
  booktitle = C-ICRA,
  year = {2015},
  address = {Seattle, WA},
  month = {May},
  pages = {1--8}
}

% webster 2012 ijrr
%Webster2012

% single beacon work at mit
@article{mfallon-2010a,
  title = {Cooperative {AUV} Navigation using a Single Maneuvering Surface Craft},
  author = {Fallon, Maurice F. and Papadopoulos, Georgios and Leonard, John J. and Patrikalakis, Nicholas M.},
  journal = J-IJRR,
  year = {2010},
  month = {Oct},
  number = {12},
  pages = {1461--1474},
  volume = {29},
  comment = {first published on August 9, 2010}
}

% range-only observability
@article{bristic-2002a,
  title = {Target motion analysis using range-only measurements: algorithms, performance and application to {ISAR} data},
  author = {Ristic, B. and Arulampalam, S. and McCarthy, J.},
  journal = {Signal Processing},
  year = {2002},
  month = {Feb},
  number = {2},
  pages = {273--296},
  volume = {82}
}

% Seaglider eriksen 
@Article{eriksen-2001,
  author = 	 {Charles C. Eriksen and James Osse and Russell D. Light and Timothy Wen and Thomas W. Lehman and Peter L. Sabin and John W. Ballard and Andrew M. Chiodi},
  title = 	 {Seaglider: A long-range autonomous underwater vehicle for Oceanographic research},
  journal =  IEEE_J_OE,
  year = 	 2001,
  volume = 	 26,
  number = 	 4,
  pages = 	 {424--436},
  month = 	 {Oct}
}

% eriksen personal communication about ballast
@unpublished{eriksen-2015-personal,
title = {personal communication},
author = {C.C. Eriksen},
month = {Aug},
year = {2015}
}

% Slocums
@ARTICLE{webb-2001-slocum, 
author={Webb, D.C. and Simonetti, P.J. and Jones, C.P.}, 
journal=IEEE_J_OE, 
title={{SLOCUM:} an underwater glider propelled by environmental energy}, 
year={2001}, 
month={Oct}, 
volume={26}, 
number={4}, 
pages={447--452}
}

% REMUS 6000
@INPROCEEDINGS{remus6000-2008-oceans, 
author = {Sharp, K.M. and White, R.H.}, 
booktitle = C-OCEANS, 
title = {More tools in the toolbox: The naval oceanographic office's Remote Environmental Monitoring UnitS (REMUS) 6000 {AUV}}, 
year = {2008}, 
month = {Sept}, 
pages = {1--4}
}

% HUGIN 
@INPROCEEDINGS{marthiniussen-2004-hugin,
  author = {Marthiniussen, Roar and Vestgard, Karstein and Klepaker, Rolf Arne
	and Storkersen, Nils},
  title = {{HUGIN}-{AUV} concept and operational experiences to date},
  booktitle = C-OCEANS,
  year = {2004},
  volume = {2},
  pages = {846--850},
  address = {Kobe, Japan},
  month = {Nov}
}

% lrauv
@INPROCEEDINGS{furlong-2007,
  author = {Furlong, M.E. and McPhail, S.D. and Stevenson, P.},
  title = {A Concept Design for an Ultra-Long-Range Survey Class {AUV}},
  booktitle = C-OCEANS-Europe,
  year = {2007},
  pages = {1--6},
  month = {June},
address={Aberdeen},
  doi = {10.1109/OCEANSE.2007.4302453},
  keywords = {AUV load reduction;AUV wings;autonomous surveys;buoyancy effects;concept
	design;flight pattern;flight-style autonomous underwater vehicles;generic
	range model;glider mission;open ocean;ultra-long-range survey class
	AUV;oceanographic techniques;remotely operated vehicles;underwater
	vehicles;}
}

@INPROCEEDINGS{kinsey-2011-deepwater,
  author = {Kinsey, J.C. and Yoerger, D.R. and Jakuba, M.V. and Camilli, Rich
	and Fisher, Charles R. and German, C.R.},
  title = {Assessing the {Deepwater Horizon} oil spill with the {Sentry} autonomous
	underwater vehicle},
  booktitle = C-IROS,
  year = {2011},
  pages = {261--267},
  month = {Sept},
  doi = {10.1109/IROS.2011.6095008},
  issn = {2153-0858},
}

@ARTICLE{rme-2011-jfr,
  author = {Eustice, Ryan M. and Singh, Hanumant and Whitcomb, Louis L.},
  title = {{Synchronous-clock, one-way-travel-time acoustic navigation for underwater
	vehicles}},
  journal = JFR,
  year = {2011},
  volume = {28},
  pages = {121-136},
  number = {{1, SI}},
  month = {Jan-Feb},
  address = {{COMMERCE PLACE, 350 MAIN ST, MALDEN 02148, MA USA}},
  issn = {{1556-4959}},
  unique-id = {{ISI:000285951300008}},
  web-of-science-categories = {{Robotics}}
}

@INPROCEEDINGS{gadre-2005-iros,
  author = {Gadre, A.S. and Stilwell, D.J.},
  title = {A complete solution to underwater navigation in the presence of unknown
	currents based on range measurements from a single location},
  booktitle = C-IROS,
  year = {2005},
month = {},
address = {},
  pages = {1420--1425},
  doi = {10.1109/IROS.2005.1545230},
}

% medagoda ADCP aided nav
@InProceedings{medagoda10_oceans,
  author = 	 {Lashika Medagoda and Mike V. Jakuba and Oscar Pizarro and Stefan B. Williams},
  title = 	 {Water Column Current Profile Aided Localisation
for Autonomous Underwater Vehicles},
  booktitle = C-OCEANS,
  pages = 	 {10 pp.},
  year = 	 2010,
  address = 	 {Sydney, Australia},
  month = 	 may}

% stanway ADCP aided nav
@InProceedings{mstanway-2010a,
  Title                    = {Water profile navigation with an Acoustic Doppler Current Profiler},
  Author                   = {Stanway, M.J.},
  Booktitle                = C-OCEANS,
  Year                     = {2010},
  Address                  = {Sydney, Australia},
  Month                    = {May},
  Pages                    = {1-5},
}

% NUI
@INPROCEEDINGS{mcfarland-2015-icerelnav, 
author={C. J. McFarland and M. V. Jakuba and S. Suman and J. C. Kinsey and L. L. Whitcomb}, 
booktitle= C-ICRA, 
title={Toward ice-relative navigation of underwater robotic vehicles under moving sea ice: Experimental evaluation in the Arctic sea}, 
year={2015}, 
pages={1527--1534}, 
doi={10.1109/ICRA.2015.7139392}, 
ISSN={1050-4729}, 
month={May}
}

% ABE
@article{yoerger-1998-ABE,
author = { Dana R. Yoerger and Albert M. Bradley and Barrier B. Walden and Hanumant Singh and Ralf Bachmeyer },
title = {Surveying a subsea lava flow using the Autonomous Benthic Explorer (ABE)},
journal = {International Journal of Systems Science},
volume = {29},
number = {10},
pages = {1031-1044},
year  = {1998},
publisher = {Taylor & Francis},
doi = {10.1080/00207729808929596},
}

% CANAPE
@article{worcester-2017-canape,
author = {Peter F. Worcester and Matthew A. Dzieciuch},
title = {The 2016-2017 deep-water Canada Basin Acoustic Propagation Experiment ({CANAPE}): A preliminary report.},
journal = J-ACSOCAM,
volume = {142},
pages = {2713},
year  = {2017},
url   = {https://doi.org/10.1121/1.5014899}
}