@article{Visbeck2002,
  title = {Deep Velocity Profiling Using Lowered Acoustic Doppler Current Profilers: Bottom Track and Inverse Solutions},
  author = {Visbeck, M.},
  journal = J-AOT,
  year = {2002},
  pages = {794--807},
  volume = {19},
  doi = {10.1175/1520-0426(2002)019<0794:DVPULA>2.0.CO;2}
}

